@book{Dune, AUTHOR="Frank Herbert", TITLE="Dune", PUBLISHER="Chilton Books", YEAR="1965"}
@inbook{Dune:3, AUTHOR="Frank Herbert", TITLE="Dune", PUBLISHER="Chilton Books", YEAR="1965", PAGES="3"}
@inbook{Dune:13, AUTHOR="Frank Herbert", TITLE="Dune", PUBLISHER="Chilton Books", YEAR="1965", PAGES="13"}

@book{Messiah, AUTHOR="Frank Herbert", TITLE="Dune: Messiah", PUBLISHER="Putnam Publishing", YEAR="1969"}
@inbook{Messiah:380, AUTHOR="Frank Herbert", TITLE="Dune: Messiah", PUBLISHER="Putnam Publishing", YEAR="1969", PAGES="380"}

@book{Children, AUTHOR="Frank Herbert", TITLE="Children of Dune", PUBLISHER="Putnam", YEAR="1976"}
@inbook{Children:344, AUTHOR="Frank Herbert", TITLE="Children of Dune", PUBLISHER="Putnam", YEAR="1976", PAGES="344"}

@book{Chapterhouse, AUTHOR="Frank Herbert", TITLE="Chapterhouse: Dune", PUBLISHER="Putnam", YEAR="1985"}
@inbook{Chapterhouse:23, AUTHOR="Frank Herbert", TITLE="Chapterhouse: Dune", PUBLISHER="Putnam", YEAR="1985", PAGES="23"}
@inbook{Chapterhouse:155, AUTHOR="Frank Herbert", TITLE="Chapterhouse: Dune", PUBLISHER="Putnam", YEAR="1985", PAGES="155"}
@inbook{Chapterhouse:171, AUTHOR="Frank Herbert", TITLE="Chapterhouse: Dune", PUBLISHER="Putnam", YEAR="1985", PAGES="171"}
@inbook{Chapterhouse:191, AUTHOR="Frank Herbert", TITLE="Chapterhouse: Dune", PUBLISHER="Putnam", YEAR="1985", PAGES="191"}
@inbook{Chapterhouse:431, AUTHOR="Frank Herbert", TITLE="Chapterhouse: Dune", PUBLISHER="Putnam", YEAR="1985", PAGES="431"}
@inbook{Chapterhouse:455, AUTHOR="Frank Herbert", TITLE="Chapterhouse: Dune", PUBLISHER="Putnam", YEAR="1985", PAGES="455"}

@book{Dosadi, AUTHOR="Frank Herbert", TITLE="The Dosadi Experiment", PUBLISHER="G. P. Putnam's Sons", YEAR="1977"}
@inbook{Dosadi:9, AUTHOR="Frank Herbert", TITLE="The Dosadi Experiment", PUBLISHER="G. P. Putnam's Sons", YEAR="1977", PAGES="9"}
@inbook{Dosadi:75, AUTHOR="Frank Herbert", TITLE="The Dosadi Experiment", PUBLISHER="G. P. Putnam's Sons", YEAR="1977", PAGES="75"}
@inbook{Dosadi:125, AUTHOR="Frank Herbert", TITLE="The Dosadi Experiment", PUBLISHER="G. P. Putnam's Sons", YEAR="1977", PAGES="125"}
@inbook{Dosadi:160, AUTHOR="Frank Herbert", TITLE="The Dosadi Experiment", PUBLISHER="G. P. Putnam's Sons", YEAR="1977", PAGES="160"}
@inbook{Dosadi:270-271, AUTHOR="Frank Herbert", TITLE="The Dosadi Experiment", PUBLISHER="G. P. Putnam's Sons", YEAR="1977", PAGES="270-271"}
@inbook{Dosadi:272, AUTHOR="Frank Herbert", TITLE="The Dosadi Experiment", PUBLISHER="G. P. Putnam's Sons", YEAR="1977", PAGES="272"}

@inbook{Hall:76, AUTHOR="Calbin Hall and Vernon J. Nordby", TITLE="A Primer of Jungian Psychology", PUBLISHER="New American Library", YEAR="1973", PAGES="76"}

@inbook{Berger:56, AUTHOR="Gilda Berger", TITLE="Psychology Words", PUBLISHER="Hulian Messner", YEAR="1986", PAGES="56"}

@misc{McNelly,
	HOWPUBLISHED="\url{http://www.fremen.org/mesuem/docs/eulogy.html}",
	AUTHOR="Willis E. McNelly",
	TITLE="Eulogy of Frank Herbert",
	MONTH="Feb",
	YEAR="1986",
	DAY="11",
	NOTE="Accessed on 2000-02-23"
}
